<record><leader>00000cas a2200000 a 4500</leader><controlfield tag="001">11960135</controlfield><controlfield tag="008">850425d18821898ksuwr ne      0    0eng d</controlfield><datafield ind1=" " ind2=" " tag="010"><subfield code="a">sn 85031213 </subfield></datafield><datafield ind1=" " ind2=" " tag="040"><subfield code="a">KSH</subfield><subfield code="b">eng</subfield><subfield code="c">KSH</subfield><subfield code="d">NPT</subfield><subfield code="d">OCL</subfield><subfield code="d">OCLCQ</subfield></datafield><datafield ind1=" " ind2=" " tag="042"><subfield code="a">msc</subfield></datafield><datafield ind1="0" ind2=" " tag="130"><subfield code="a">Marshall County democrat (Marysville, Kan. : 1882)</subfield></datafield><datafield ind1="1" ind2="0" tag="245"><subfield code="a">Marshall County democrat.</subfield></datafield><datafield ind1=" " ind2=" " tag="260"><subfield code="a">Marysville, Kan. :</subfield><subfield code="b">[Wm. Becker],</subfield><subfield code="c">-1898.</subfield></datafield><datafield ind1=" " ind2=" " tag="300"><subfield code="a">v. :</subfield><subfield code="b">ill. (chiefly advertisements)</subfield></datafield><datafield ind1=" " ind2=" " tag="310"><subfield code="a">Weekly</subfield></datafield><datafield ind1="0" ind2=" " tag="362"><subfield code="a">-v. 16, no. 19 (Jan. 28, 1898).</subfield></datafield><datafield ind1="1" ind2=" " tag="362"><subfield code="a">Began in 1882.</subfield><subfield code="z">Cf. Ayer, 1883.</subfield></datafield><datafield ind1=" " ind2=" " tag="500"><subfield code="a">Publisher varies.</subfield></datafield><datafield ind1=" " ind2=" " tag="500"><subfield code="a">"Federal rights without aggression, state's rights without secession, and the people's rights without depression."</subfield></datafield><datafield ind1=" " ind2=" " tag="588"><subfield code="a">Description based on: Vol. 1, no. 13 (Dec. 29, 1882).</subfield></datafield><datafield ind1=" " ind2=" " tag="752"><subfield code="a">United States</subfield><subfield code="b">Kansas</subfield><subfield code="c">Marshall</subfield><subfield code="d">Marysville.</subfield></datafield><datafield ind1="0" ind2="7" tag="785"><subfield code="t">People's advocate (Marysville, Kan.)</subfield><subfield code="w">(DLC)sn 85031211</subfield></datafield><datafield ind1="0" ind2="7" tag="785"><subfield code="t">Advocate and democrat</subfield><subfield code="w">(DLC)sn 85031214</subfield></datafield></record>